<record><leader>00000cas a2200000 a 4500</leader><controlfield tag="001">12739610</controlfield><controlfield tag="008">851030d18611919wiuwr ne      0    0eng c</controlfield><datafield ind1=" " ind2=" " tag="010"><subfield code="a">sn 85041339 </subfield></datafield><datafield ind1=" " ind2=" " tag="040"><subfield code="a">NPV</subfield><subfield code="b">eng</subfield><subfield code="c">NPV</subfield><subfield code="d">CNK</subfield><subfield code="d">CUI</subfield><subfield code="d">OCLCQ</subfield><subfield code="d">OCLCF</subfield></datafield><datafield ind1=" " ind2=" " tag="042"><subfield code="a">pcc</subfield></datafield><datafield ind1=" " ind2=" " tag="043"><subfield code="a">n-us-wi</subfield></datafield><datafield ind1=" " ind2="4" tag="050"><subfield code="a">AN</subfield></datafield><datafield ind1="0" ind2=" " tag="130"><subfield code="a">Wisconsin state register (Portage, Wis. : 1861)</subfield></datafield><datafield ind1="1" ind2="4" tag="245"><subfield code="a">The Wisconsin state register.</subfield></datafield><datafield ind1="3" ind2=" " tag="246"><subfield code="a">State register</subfield></datafield><datafield ind1=" " ind2=" " tag="260"><subfield code="a">Portage, Columbia County, Wis. :</subfield><subfield code="b">S.S. Brannan,</subfield><subfield code="c">1861-1919.</subfield></datafield><datafield ind1=" " ind2=" " tag="300"><subfield code="a">v.</subfield></datafield><datafield ind1=" " ind2=" " tag="310"><subfield code="a">Weekly</subfield></datafield><datafield ind1="0" ind2=" " tag="362"><subfield code="a">Vol. 1, no. 1 (Mar. 16, 1861)-v. 32, no. 29 (Aug. 26, 1892); v. 39, no. 30 (Sept. 2, 1892)-v. 39, no. 40 (Nov. 11, 1892); thirty-ninth year (Nov. 18, 1892)-sixty-fourth year (Feb. 27, 1915); v. 65, no. 1 (Mar. 6, 1915)-v. 66 [sic], no. 2 (Apr. 4, 1919).</subfield></datafield><datafield ind1=" " ind2=" " tag="500"><subfield code="a">Publisher varies.</subfield></datafield><datafield ind1=" " ind2=" " tag="515"><subfield code="a">Ceased numbering issues: Nov. 18, 1892-Feb. 27, 1915.</subfield></datafield><datafield ind1=" " ind2=" " tag="525"><subfield code="a">Supplements accompany some issues.</subfield></datafield><datafield ind1=" " ind2=" " tag="580"><subfield code="a">Issued also in a daily edition called: Portage daily register.</subfield></datafield><datafield ind1=" " ind2="0" tag="651"><subfield code="a">Portage (Wis.)</subfield><subfield code="v">Newspapers.</subfield></datafield><datafield ind1=" " ind2="0" tag="651"><subfield code="a">Columbia County (Wis.)</subfield><subfield code="v">Newspapers.</subfield></datafield><datafield ind1=" " ind2="7" tag="655"><subfield code="a">Newspapers.</subfield><subfield code="2">fast</subfield><subfield code="0">(OCoLC)fst01423814</subfield></datafield><datafield ind1=" " ind2="7" tag="651"><subfield code="a">Wisconsin</subfield><subfield code="z">Columbia County.</subfield><subfield code="2">fast</subfield><subfield code="0">(OCoLC)fst01205460</subfield></datafield><datafield ind1=" " ind2="7" tag="651"><subfield code="a">Wisconsin</subfield><subfield code="z">Portage.</subfield><subfield code="2">fast</subfield><subfield code="0">(OCoLC)fst01212879</subfield></datafield><datafield ind1=" " ind2=" " tag="752"><subfield code="a">United States</subfield><subfield code="b">Wisconsin</subfield><subfield code="c">Columbia</subfield><subfield code="d">Portage.</subfield></datafield><datafield ind1="1" ind2=" " tag="775"><subfield code="t">Portage daily register (Portage, Wis. : 1886)</subfield><subfield code="w">(DLC)sn 87082087</subfield><subfield code="w">(OCoLC)15212471</subfield></datafield><datafield ind1="0" ind2="8" tag="776"><subfield code="i">Online version:</subfield><subfield code="t">Wisconsin state register (Portage, Wis. : 1861 : Online)</subfield><subfield code="w">(OCoLC)192107585</subfield></datafield><datafield ind1="0" ind2="5" tag="780"><subfield code="t">Portage city record</subfield><subfield code="w">(DLC)sn 85041036</subfield><subfield code="w">(OCoLC)12571433</subfield></datafield><datafield ind1="0" ind2="7" tag="785"><subfield code="t">Portage weekly democrat</subfield><subfield code="w">(DLC)sn 85041318</subfield><subfield code="w">(OCoLC)12616705</subfield></datafield><datafield ind1="0" ind2="7" tag="785"><subfield code="t">Wisconsin state register and Portage weekly democrat</subfield><subfield code="w">(DLC)sn 85041340</subfield><subfield code="w">(OCoLC)12739660</subfield></datafield></record>